<?xml version="1.0" encoding="UTF-8"?><collection xmlns="http://www.loc.gov/MARC21/slim"><record><leader>00607nam--2200181-i-4500</leader><controlfield tag="001">000002386</controlfield><controlfield tag="002">20161230</controlfield><controlfield tag="005">20170116140530</controlfield><controlfield tag="008">060222s1000------------r-----000-0-eng-d</controlfield><datafield ind1=" " ind2=" " tag="040"><subfield code="a">IFIN-HH</subfield></datafield><datafield ind1=" " ind2=" " tag="080"><subfield code="a">539.1(061.3)</subfield></datafield><datafield ind1="1" ind2=" " tag="100"><subfield code="a">Petrovici, M</subfield></datafield><datafield ind1="1" ind2="0" tag="245"><subfield code="a">Recent Advances in Nuclear Physics</subfield><subfield code="b">Lectures of the 1988 International Summer School of Nuclear Physics, 30 August - 9 September 1988, Poiana Brasov, Romania</subfield><subfield code="c">M. Petrovici, N.V. Zamfir (eds.)</subfield></datafield><datafield ind1=" " ind2=" " tag="260"><subfield code="a">Singapore</subfield><subfield code="b">World Scientific</subfield><subfield code="c">1989</subfield></datafield><datafield ind1=" " ind2=" " tag="300"><subfield code="a">537P</subfield></datafield><datafield ind1="1" ind2=" " tag="700"><subfield code="a">Zamfir, N.V</subfield><subfield code="e">Ed</subfield></datafield><datafield ind1=" " ind2=" " tag="852"><subfield code="a">78765</subfield><subfield code="c">539</subfield></datafield><datafield ind1=" " ind2=" " tag="CAT"><subfield code="a">SYS</subfield><subfield code="c">20170116</subfield><subfield code="h">140530</subfield></datafield></record></collection>